<record><leader>00000cas a22000007a 4500</leader><controlfield tag="001">10405658</controlfield><controlfield tag="008">840211d18711900njudn ne      0    0eng d</controlfield><datafield ind1=" " ind2=" " tag="010"><subfield code="a">sn 84026326 </subfield></datafield><datafield ind1=" " ind2=" " tag="040"><subfield code="a">NPU</subfield><subfield code="b">eng</subfield><subfield code="c">NPU</subfield><subfield code="d">NPX</subfield><subfield code="d">NPA</subfield><subfield code="d">NJW</subfield><subfield code="d">NYS</subfield><subfield code="d">OCLCQ</subfield></datafield><datafield ind1=" " ind2=" " tag="042"><subfield code="a">msc</subfield></datafield><datafield ind1="0" ind2=" " tag="130"><subfield code="a">Paterson daily guardian (Paterson, N.J. : 1871)</subfield></datafield><datafield ind1="1" ind2="0" tag="245"><subfield code="a">Paterson daily guardian.</subfield></datafield><datafield ind1=" " ind2=" " tag="260"><subfield code="a">Paterson, N.J. :</subfield><subfield code="b">Anson Herrick,</subfield><subfield code="c">1871-</subfield></datafield><datafield ind1=" " ind2=" " tag="300"><subfield code="a">v. ;</subfield><subfield code="c">71 cm.</subfield></datafield><datafield ind1=" " ind2=" " tag="310"><subfield code="a">Daily (except Sun.)</subfield></datafield><datafield ind1="0" ind2=" " tag="362"><subfield code="a">Vol. 20, no. 13,161 (June 12, 1871)-</subfield></datafield><datafield ind1="1" ind2=" " tag="362"><subfield code="a">Ceased in 1900?</subfield></datafield><datafield ind1=" " ind2=" " tag="500"><subfield code="a">Publishers: Anson Herrick, &lt;1873&gt;; Carleton M. &amp; Anson Herrick, &lt;1876&gt;.</subfield></datafield><datafield ind1=" " ind2=" " tag="752"><subfield code="a">United States</subfield><subfield code="b">New Jersey</subfield><subfield code="c">Passaic</subfield><subfield code="d">Paterson.</subfield></datafield><datafield ind1="0" ind2=" " tag="775"><subfield code="t">Paterson weekly guardian (1871)</subfield><subfield code="w">(DLC)sn 84026325</subfield><subfield code="w">(OCoLC)10417292</subfield></datafield><datafield ind1="0" ind2="0" tag="780"><subfield code="t">Paterson daily guardian, and Falls City register</subfield><subfield code="w">(DLC)sn 85035882</subfield><subfield code="w">(OCoLC)13233422</subfield></datafield><datafield ind1="0" ind2="0" tag="785"><subfield code="t">Paterson guardian</subfield><subfield code="w">(DLC)sn 87068151</subfield><subfield code="w">(OCoLC)15672887</subfield></datafield></record>